@Article{imp_polinomios,
	author = {José A. Alonso-Jiménez, Gonzalo A. Aranda-Corral y Joaquín Borrego-Díaz},
	title = {Sistema certificado de decisión proposicional
	basado en polinomios},
	journal = {Workshop on Computational Logics and Artificial Intelligence},
	year = {2009}
}

@Article{calculemus,
	author = {Aranda-Corral G.A., Borrego-Díaz J., Fernández-Lebrón M.M.},
	title = {Conservative Retractions of Propositional Logic Theories by Means of Boolean Derivatives: Theoretical Foundations.},
	journal = {Carette J., Dixon L., Coen C.S., Watt S.M. (eds) Intelligent Computer Mathematics. CICM 2009. Lecture Notes in Computer Science, vol 5625. Springer, Berlin, Heidelberg},
	year = {2009}
}

@Article{retraccion,
	author = {Gonzalo A. Aranda-Corral, Joaquín Borrego-Díaz and Juan Galán-Páez},
	title = {Conservative Retractions of Implication Bases},
	journal = {},
	year = {(Pendiente de publicación)}
}

@book{haskell,
	author    = {José A. Alonso Jiménez},
	title     = {Lógica en Haskell},
	year      = {2008},
	publisher = {Dpto. de Ciencias de la Computación e Inteligencia Artificial,
	Universidad de Sevilla},
	address   = {Sevilla}
}


@thesis{tesis,
	author = {Gonzalo A. Aranda Corral},
	title = {Tratamiento de la semántica emergente
	mediante sistemas de agentes basados en
	conocimiento},
	type = {phd},
	institution = {Universidad de Sevilla},
	date = {15 de Septiembre de 2011}
}